<record><leader>00000cas a22000007a 4500</leader><controlfield tag="001">9342606</controlfield><controlfield tag="008">830324d1845184umauwr ne      0    0eng d</controlfield><controlfield tag="009">3768</controlfield><datafield ind1=" " ind2=" " tag="010"><subfield code="a">sn 83020379 </subfield></datafield><datafield ind1=" " ind2=" " tag="040"><subfield code="a">NPX</subfield><subfield code="b">eng</subfield><subfield code="c">NPX</subfield><subfield code="d">DLC</subfield></datafield><datafield ind1=" " ind2=" " tag="042"><subfield code="a">msc</subfield></datafield><datafield ind1=" " ind2=" " tag="043"><subfield code="a">n-us-ma</subfield></datafield><datafield ind1="0" ind2="0" tag="050"><subfield code="a">Newspaper 8386</subfield></datafield><datafield ind1="0" ind2=" " tag="130"><subfield code="a">Worcester County gazette (Worcester, Mass. : Aug. 1845)</subfield></datafield><datafield ind1="0" ind2="0" tag="245"><subfield code="a">Worcester County gazette.</subfield></datafield><datafield ind1=" " ind2=" " tag="260"><subfield code="a">Worcester, Mass. :</subfield><subfield code="b">Estey &amp; Evans,</subfield><subfield code="c">1845-</subfield></datafield><datafield ind1=" " ind2=" " tag="300"><subfield code="a">v. ;</subfield><subfield code="c">57 cm.</subfield></datafield><datafield ind1=" " ind2=" " tag="310"><subfield code="a">Weekly</subfield></datafield><datafield ind1="0" ind2=" " tag="362"><subfield code="a">Vol. 1, no. 32 (Aug. 6, 1845)-</subfield></datafield><datafield ind1="1" ind2=" " tag="362"><subfield code="a">Ceased in 1847?</subfield></datafield><datafield ind1=" " ind2=" " tag="500"><subfield code="a">"Abolitionist." Cf. Publishers' statement.</subfield></datafield><datafield ind1=" " ind2=" " tag="500"><subfield code="a">Published on Wednesday.</subfield></datafield><datafield ind1=" " ind2=" " tag="500"><subfield code="a">Printers: Estey &amp; Evans.</subfield></datafield><datafield ind1=" " ind2=" " tag="500"><subfield code="a">Editor: R.B. Hubbard.</subfield></datafield><datafield ind1="1" ind2=" " tag="700"><subfield code="a">Hubbard, R. B.</subfield></datafield><datafield ind1=" " ind2=" " tag="752"><subfield code="a">United States</subfield><subfield code="b">Massachusetts</subfield><subfield code="c">Worcester</subfield><subfield code="d">Worcester.</subfield></datafield><datafield ind1="0" ind2="0" tag="780"><subfield code="t">Worcester County gazette and Middlesex standard</subfield><subfield code="w">(DLC)sn 83020378</subfield></datafield><datafield ind1="0" ind2="0" tag="785"><subfield code="t">Worcester gazette</subfield><subfield code="w">(DLC)sn 83020380</subfield></datafield></record>